@article{abdel2014convolutional,
  title={Convolutional neural networks for speech recognition},
  author={Abdel-Hamid, Ossama and Mohamed, Abdel-Rahman and Jiang, Hui and Deng, Li and Penn, Gerald and Yu, Dong},
  journal={IEEE/ACM Transactions on audio, speech, and language processing},
  volume={22},
  number={10},
  pages={1533--1545},
  year={2014},
  publisher={IEEE}
}
